LDR  01076dam^^2200325^a^4500
001  UCD-001432907
005  20020819183309.0
008  891220s1989    tnua     b   s00110 eng  
010       $a 88027788
020       $a 0870496018 (alk. paper) : $c $34.95
035       $a 89-B63164
035  9    $a (UCD)AFB-3899
043       $a nwbb---
049       $a MAIN
082  0    $a 306/.363/0972981 $2 19
090       $a HD4875.B37 $b B43 1989
100  1    $a Beckles, Hilary, $d 1955-
245  10   $a White servitude and black slavery in Barbados, 1627-1715 / $c Hilary McD. Beckles.
250       $a 1st ed.
260  0    $a Knoxville : $b University of Tennessee Press, $c c1989.
300       $a xv, 218 p. : $b ill. ; $c 23 cm.
500       $a DVXL: DELETE REC HAS NO 852; DO NOT REJECT
504       $a Bibliography: p. [205]-213.
650   0   $a Indentured servants $z Barbados $x History.
650   0   $a British $z Barbados $x History.
650   0   $a Slave labor $z Barbados $x History.
650   0   $a Blacks $z Barbados $x History.
651   0   $a Barbados $x Economic conditions.
651   0   $a Barbados $x Social conditions.
901       $a DVXL $b 001432907

Record 3
LDR  01190cXZ^^2200301^a^4500
001  UCD-001432908
005  20020819183309.0
008  890629s1988    nju           00100 eng d
020       $a 0865430497 (pbk.) : $c $9.95
020       $a 0865430489 : $c $29.95
035       $a 89-B25217
035  9    $a (UCD)AFB-3900
043       $a f-sa---
049       $a MAIN
090       $a DT779.952 $b .W5 1988
260  0    $a Trenton, N.J. : $b Africa World Press, $c 1988.
300       $a viii, 192 p. ; $c 23 cm.
500       $a DVXL: NO 245, BAD BIBLEVEL, BAD TYPE, UNKNOWN LOC;CREATE 4 998s
651   0   $a South Africa $x Politics and government $y 1978-1989.
651   0   $a South Africa $x Race relations.
700  1    $a Magubane, Bernard.
700  1    $a Mandaza, Ibbo.
852       $a DVXL $b GOD-ZILLA $h DT779.952 $i .W5 1988
901       $a DVXL $b 001432908
998       $a DVXL $b 1003 $c Record contains the unknown location code GOD-ZILLA $d Release-027-000 $e 001432908
998       $a DVXL $b 1004 $c Record contains the invalid leader type X $d Release-027-000 $e 001432908
998       $a DVXL $b 1005 $c Record contains the invalid bibliographic level Z $d Release-027-000 $e 001432908
998       $a DVXL $b 1002 $c Record contains no 245 field $d Release-027-000 $e 001432908

Record 4
