LDR  03994cas^^2200781^^^4500
001  UCD-000779789
005  20020819183309.0
007  cr unu
008  751101d19291999ohumr1p       0   a0eng d
010       $a 30012569 $z 82644518
012       $b 3 $e n $j 1 $k 1 $m 1
016  7    $a H09780000 $2 DNLM
019       $a 6987942 $a 34343241
022  0    $a 0017-940X
030       $a HPAOAM
032       $a 464930 $b USPS
035       $a b1875097
035       $a 01751932
035  9    $a (UCD)AGU-1253
040       $a MUL $c MUL $d NSD $d RCS $d AIP $d OCL $d AIP $d NST $d OCL $d DLC $d NSD $O CL $N ST $I UL $N SD $D LC $W AU $O CL $W AU $U MC $N SD $D LC $d CUV
042       $a nsdp $a lc
049       $a CUV& $a CUVI $a UC6R
082  10   $a 697 $2 11
090       $a TH7201 $b .H6
210  0    $a Heat. piping air cond.
222   0   $a Heating, piping and air conditioning
245  00   $a Heating, piping, and air conditioning.
246  1    $i Issues for Feb. 1996-<1999> have title: $a HPAC : $b heating, piping, air conditioning
246  30   $a Heating, piping, air conditioning
260       $a [Chicago, Ill. : $b Domestic Engineering Co., $c 1929-.
300       $a v. : $b ill. ; $c 28-31 cm.
310       $a Monthly
362  0    $a Vol. 1, no. 1 (May 1929)-
362  1    $a Ceased with v. 71, no. 4 (Apr. 1999).
500       $a DVXL: 4 852s; 1st NO $h ; 2nd NO $i ; 3rd NO $h OR $i ; 4th $j ONLY.
500       $a Title from cover.
510  1    $a Applied science & technology index $x 0003-6986
510  2    $a Chemical abstracts $x 0009-2258
510  2    $a Coal abstracts $x 0309-4979
510  2    $a Electronics and communications abstracts journal (Riverdale) $x 0361-3313
510  2    $a Energy information abstracts $x 0147-6521
520       $a Vols. for May 1929-Dec. 1958 include the Journal of the American Society of Heating and Air-Conditioning Engineers (called in 1929-54 American Society of Heating and Ventilating Engineers) in "Journal section."
525       $a Each June issue for <1993>-1999 called: Info-dex.
525       $a Vol. for Jan. 1999 accompanied by supplement titled: Building systems innovation.
530       $a Selected article text available through Expanded Academic ASAP
530       $a Also available on microfilm from University Microfilms.
555       $a Vols. 40 (1968)-43 (1971). with v. 43.
590       $a Library has microfilm copy with call no.: TH7201 H6
650   0   $a Heating $v Periodicals.
650   0   $a Ventilation $v Periodicals.
650   0   $a Air conditioning $v Periodicals.
655   7   $a Electronic journals. $2 local
655   7   $a Online resources. $2 local
710  2    $a American Society of Heating and Ventilating Engineers.
710  2    $a American Society of Heating and Air-Conditioning Engineers.
730  0    $a Expanded Academic ASAP
740  02   $a Info-dex.
740  02   $a Building systems innovation.
780  05   $t Aerologist $w (OCoLC)2444384 $g Apr. 1937
780  05   $t Journal of the American Society of Heating and Ventilating Engineers $x 0095-9081 $w (DLC) 23015968 $w (OCoLC)1330815
785  01   $a American Society of Heating and Air-Conditioning Engineers. $t Journal of the American Society of Heating and Air-Conditioning Engineers $x 0402-1185 $w (DLC) 59039613 $w (OCoLC)1923302
785  00   $t Heating/piping/air conditioning engineering $x 1527-4055 $w (DLC)sn 99050051 $w (OCoLC)41442935
852       $a DVXL $b NRLF-GEN $i H6 $z . Volumes relocated to NRLF; inquire at PSE Circulation Desk. $3 v.1-62, 1929-1990. (See microfilm copy for v.1-43, no.4, 1929-Apr.1971. with call no. TH7201 .H6 mf) $D 2 $O Ceased
852       $a DVXL $b PSE-GEN $h TH7201 $z Status: Ceased publication $3 v.63-71, 1991-Apr.1999. (See microfilm copies for v.1-44, 1929-1977. with call no. TH7201 H6 mf) $D 5 $O Not currently received.
852       $a DVXL $b PSE-MICRO $3 v.1-44, 1929-1977. (See paper copy for v.1-71, 1929-Apr.1999. with call no. TH7201 H6) $D 2 $O Ceased
852       $a DVXL $b ELECT-GEN $j Internet $3 Check website for coverage $D 2 $O Ceased
856  41   $3 Selected article text for 1989-1999. $z Expanded Academic ASAP. Restricted to UC campuses $u http://uclibs.org/PID/13937
901       $a DVXL $b 000779789

Record 8
