LDR  00938cam^^2200301^^^4500
001  UCD-001432916
005  20020819183309.0
008  701120s1970    nju      b    00110 eng  
010       $a 73126823
020       $a 0139576134
035       $a REMARC73126823
035  9    $a (UCD)AFB-3908
043       $a n-us--- $a n-usu--
049       $a CUVA
082       $a 301.451
090       $a F215 $b .F73
100  1    $a Friedman, Lawrence Jacob, $d 1940-
245  14   $a The white savage; $b racial fantasies in the postbellum South $c [by] Lawrence J. Friedman.
260  0    $a Englewood Cliffs, N.J., $b Prentice-Hall $c [1970]
300       $a vii, 184 p. $c 22 cm.
350       $a $5.95
440   0   $a New insights in history
440   0   $a Spectrum book
500       $a DVXL: HAS MULTIPLES OF: 852 $a , $b , $c , $h , $i 
650   0   $a African Americans $z Southern States.
651   0   $a Southern States $x Race relations.
852       $a DVXL $b PSE-GEN $h F215 $i .F73 $i ItemPt2
901       $a DVXL $b 001432916

